@InProceedings{C16-1030,
	author = 	"Rei, Marek
	and Crichton, Gamal
	and Pyysalo, Sampo",
	title = 	"Attending to Characters in Neural Sequence Labeling Models",
	booktitle = 	"Proceedings of COLING 2016, the 26th International Conference on Computational Linguistics: Technical Papers",
	year = 	"2016",
	publisher = 	"The COLING 2016 Organizing Committee",
	pages = 	"309--318",
	location = 	"Osaka, Japan",
	url = 	"http://aclweb.org/anthology/C16-1030"
}

@inproceedings{rei-etal-2016-attending,
	title = "Attending to Characters in Neural Sequence Labeling Models",
	author = "Rei, Marek  and
	Crichton, Gamal  and
	Pyysalo, Sampo",
	booktitle = "Proceedings of {COLING} 2016, the 26th International Conference on Computational Linguistics: Technical Papers",
	month = dec,
	year = "2016",
	address = "Osaka, Japan",
	publisher = "The COLING 2016 Organizing Committee",
	url = "https://www.aclweb.org/anthology/C16-1030",
	pages = "309--318"
}

@article{DBLP:journals/corr/abs-1808-03926,
	author    = {Adnan Akhundov and
	Dietrich Trautmann and
	Georg Groh},
	title     = {Sequence Labeling: {A} Practical Approach},
	journal   = {CoRR},
	volume    = {abs/1808.03926},
	year      = {2018},
	url       = {http://arxiv.org/abs/1808.03926},
	archivePrefix = {arXiv},
	eprint    = {1808.03926},
	timestamp = {Sun, 02 Sep 2018 15:01:57 +0200},
	biburl    = {https://dblp.org/rec/bib/journals/corr/abs-1808-03926},
	bibsource = {dblp computer science bibliography, https://dblp.org}
}

@article{DBLP:journals/corr/Lipton15,
	author    = {Zachary Chase Lipton},
	title     = {A Critical Review of Recurrent Neural Networks for Sequence Learning},
	journal   = {CoRR},
	volume    = {abs/1506.00019},
	year      = {2015},
	url       = {http://arxiv.org/abs/1506.00019},
	archivePrefix = {arXiv},
	eprint    = {1506.00019},
	timestamp = {Mon, 13 Aug 2018 16:48:10 +0200},
	biburl    = {https://dblp.org/rec/bib/journals/corr/Lipton15},
	bibsource = {dblp computer science bibliography, https://dblp.org}
}

@incollection{NIPS2017_7181,
title = {Attention is All you Need},
author = {Vaswani, Ashish and Shazeer, Noam and Parmar, Niki and Uszkoreit, Jakob and Jones, Llion and Gomez, Aidan N and Kaiser, \L ukasz and Polosukhin, Illia},
booktitle = {Advances in Neural Information Processing Systems 30},
editor = {I. Guyon and U. V. Luxburg and S. Bengio and H. Wallach and R. Fergus and S. Vishwanathan and R. Garnett},
pages = {5998--6008},
year = {2017},
publisher = {Curran Associates, Inc.},
url = {http://papers.nips.cc/paper/7181-attention-is-all-you-need.pdf}
}

@article{hochreiter1997long,
	added-at = {2016-11-15T08:49:43.000+0100},
	author = {Hochreiter, Sepp and Schmidhuber, J{\"u}rgen},
	biburl = {https://www.bibsonomy.org/bibtex/2a4a80026d24955b267cae636aa8abe4a/dallmann},
	interhash = {0692b471c4b9ae65d00affebc09fb467},
	intrahash = {a4a80026d24955b267cae636aa8abe4a},
	journal = {Neural computation},
	keywords = {lstm rnn},
	number = 8,
	pages = {1735--1780},
	publisher = {MIT Press},
	timestamp = {2016-11-15T08:49:43.000+0100},
	title = {Long short-term memory},
	volume = 9,
	year = 1997
}